{
  "leader": "04658cam a2200541Ia 4500",
  "fields": [
    {
      "001": "ocm61169810\\"
    },
    {
      "003": "OCoLC"
    },
    {
      "005": "20220701110310.0"
    },
    {
      "008": "050727s2005\\\\\\\\maua\\\\\\\\\\b\\\\\\\\001\\0\\eng\\\\"
    },
    {
      "010": {
        "ind1": "\\",
        "ind2": "\\",
        "subfields": [
          {
            "a": "  2005021697"
          }
        ]
      }
    },
    {
      "040": {
        "ind1": "\\",
        "ind2": "\\",
        "subfields": [
          {
            "a": "DLC"
          },
          {
            "b": "eng"
          },
          {
            "c": "DLC"
          },
          {
            "d": "YDXCP"
          },
          {
            "d": "BAKER"
          },
          {
            "d": "UKM"
          },
          {
            "d": "IG#"
          },
          {
            "d": "OCLCQ"
          },
          {
            "d": "BTCTA"
          },
          {
            "d": "TSU"
          },
          {
            "d": "UAB"
          },
          {
            "d": "W2U"
          },
          {
            "d": "GEBAY"
          },
          {
            "d": "OCLCQ"
          },
          {
            "d": "YUS"
          },
          {
            "d": "DEBBG"
          },
          {
            "d": "BDX"
          },
          {
            "d": "OCLCF"
          },
          {
            "d": "OCLCO"
          },
          {
            "d": "OCLCQ"
          },
          {
            "d": "UEJ"
          },
          {
            "d": "TFW"
          },
          {
            "d": "UKMGB"
          },
          {
            "d": "UNBCA"
          },
          {
            "d": "OCLCQ"
          },
          {
            "d": "GND"
          },
          {
            "d": "OCLCO"
          }
        ]
      }
    },
    {
      "016": {
        "ind1": "7",
        "ind2": "\\",
        "subfields": [
          {
            "a": "013337837"
          },
          {
            "2": "Uk"
          }
        ]
      }
    },
    {
      "019": {
        "ind1": "\\",
        "ind2": "\\",
        "subfields": [
          {
            "a": "62307763"
          },
          {
            "a": "1022691891"
          }
        ]
      }
    },
    {
      "020": {
        "ind1": "\\",
        "ind2": "\\",
        "subfields": [
          {
            "a": "0674019652"
          },
          {
            "q": "(pbk. ;"
          },
          {
            "q": "alk. paper)"
          }
        ]
      }
    },
    {
      "020": {
        "ind1": "\\",
        "ind2": "\\",
        "subfields": [
          {
            "a": "9780674019652"
          },
          {
            "q": "(pbk. ;"
          },
          {
            "q": "alk. paper)"
          }
        ]
      }
    },
    {
      "024": {
        "ind1": "3",
        "ind2": "\\",
        "subfields": [
          {
            "a": "9780674019652"
          }
        ]
      }
    },
    {
      "035": {
        "ind1": "\\",
        "ind2": "\\",
        "subfields": [
          {
            "a": "(OCoLC)61169810"
          },
          {
            "z": "(OCoLC)62307763"
          },
          {
            "z": "(OCoLC)1022691891"
          }
        ]
      }
    },
    {
      "042": {
        "ind1": "\\",
        "ind2": "\\",
        "subfields": [
          {
            "a": "pcc"
          }
        ]
      }
    },
    {
      "043": {
        "ind1": "\\",
        "ind2": "\\",
        "subfields": [
          {
            "a": "cl-----"
          }
        ]
      }
    },
    {
      "050": {
        "ind1": "0",
        "ind2": "0",
        "subfields": [
          {
            "a": "HV110.5"
          },
          {
            "b": ".P47 2005"
          }
        ]
      }
    },
    {
      "082": {
        "ind1": "0",
        "ind2": "0",
        "subfields": [
          {
            "a": "361.74098"
          },
          {
            "b": "PHI"
          }
        ]
      }
    },
    {
      "245": {
        "ind1": "0",
        "ind2": "0",
        "subfields": [
          {
            "a": "Philanthropy and social change in Latin America /"
          },
          {
            "c": "editors, Cynthia Sanborn and Felipe Portocarrero."
          }
        ]
      }
    },
    {
      "260": {
        "ind1": "\\",
        "ind2": "\\",
        "subfields": [
          {
            "a": "Cambridge, Mass. :"
          },
          {
            "b": "Harvard University David Rockefeller Center for Latin American Studies :"
          },
          {
            "b": "Distributed by Harvard University Press,"
          },
          {
            "c": "2005."
          }
        ]
      }
    },
    {
      "300": {
        "ind1": "\\",
        "ind2": "\\",
        "subfields": [
          {
            "a": "xxvi, 453 pages :"
          },
          {
            "b": "illustrations ;"
          },
          {
            "c": "23 cm"
          }
        ]
      }
    },
    {
      "336": {
        "ind1": "\\",
        "ind2": "\\",
        "subfields": [
          {
            "a": "text"
          },
          {
            "b": "txt"
          },
          {
            "2": "rdacontent"
          }
        ]
      }
    },
    {
      "337": {
        "ind1": "\\",
        "ind2": "\\",
        "subfields": [
          {
            "a": "unmediated"
          },
          {
            "b": "n"
          },
          {
            "2": "rdamedia"
          }
        ]
      }
    },
    {
      "338": {
        "ind1": "\\",
        "ind2": "\\",
        "subfields": [
          {
            "a": "volume"
          },
          {
            "b": "nc"
          },
          {
            "2": "rdacarrier"
          }
        ]
      }
    },
    {
      "490": {
        "ind1": "1",
        "ind2": "\\",
        "subfields": [
          {
            "a": "David Rockefeller Center series on Latin American studies, Harvard University"
          }
        ]
      }
    },
    {
      "504": {
        "ind1": "\\",
        "ind2": "\\",
        "subfields": [
          {
            "a": "Includes bibliographical references and index."
          }
        ]
      }
    },
    {
      "505": {
        "ind1": "0",
        "ind2": "\\",
        "subfields": [
          {
            "a": "Philanthropy in Latin America : historical traditions and current trends / Cynthia A. Sanborn -- Catholic philanthropy and civil society : the lay volunteers of St. Vincent de Paul in the 19th-century Mexico / Silvia Marina Arrom -- Volunteers and donors : patterns of civic engagement in Contemporary Peru / Felipe Portocarrero -- A \"new volunteering\" in the Brazilian context / Leilah Landim -- The promotion of corporate social responsibility in Latin America / Felipe Agu\u0308ero -- Intersectoral alliances and the reduction of social exclusion / Rosa Maria Fischer -- Private contributions to the public sphere : corporate foundations in Columbia / Cristina Rojas and Gustavo Morales -- Business and corporate social responsibility : the Peruvian case / Francisco Durand -- Corporate social action in a context of crisis : reflections on the Argentine case / Mario M. Roitter and Marcelo Camerlo -- Private resources for public ends : grantmakers in Brazil, Ecuador and Mexico / Shari Turitz and David Winder -- Too much or too little? The role of tax incentives in promoting philanthropy / Ignacio Irrara\u0301zaval and Julio Guzma\u0301n -- Creating a favorable environment for philanthropy and civil society : the case of Brazil / Eduardo Szazi -- Enabling environments for philanthropy and civil society : the Chilean case / Gonzalo de la Maza -- Self-regulation and the legitimacy of civil society : ideas for action / Rodrigo Villar -- Organized philanthropy North and South / Christine W. Letts -- Building civil society legitimacy and accountability with domain accountability systems / L David Brown -- Strengthening philanthropy and civil society through policy reform : from proposals to action / Merilee S. Grindle."
          }
        ]
      }
    },
    {
      "650": {
        "ind1": "\\",
        "ind2": "0",
        "subfields": [
          {
            "a": "Charities"
          },
          {
            "z": "Latin America."
          }
        ]
      }
    },
    {
      "650": {
        "ind1": "\\",
        "ind2": "0",
        "subfields": [
          {
            "a": "Social service"
          },
          {
            "z": "Latin America."
          }
        ]
      }
    },
    {
      "650": {
        "ind1": "\\",
        "ind2": "0",
        "subfields": [
          {
            "a": "Social change"
          },
          {
            "z": "Latin America."
          }
        ]
      }
    },
    {
      "650": {
        "ind1": "\\",
        "ind2": "7",
        "subfields": [
          {
            "a": "Charities."
          },
          {
            "2": "fast"
          },
          {
            "0": "(OCoLC)fst00852404"
          }
        ]
      }
    },
    {
      "650": {
        "ind1": "\\",
        "ind2": "7",
        "subfields": [
          {
            "a": "Social change."
          },
          {
            "2": "fast"
          },
          {
            "0": "(OCoLC)fst01122310"
          }
        ]
      }
    },
    {
      "650": {
        "ind1": "\\",
        "ind2": "7",
        "subfields": [
          {
            "a": "Social service."
          },
          {
            "2": "fast"
          },
          {
            "0": "(OCoLC)fst01123192"
          }
        ]
      }
    },
    {
      "651": {
        "ind1": "\\",
        "ind2": "7",
        "subfields": [
          {
            "a": "Latin America."
          },
          {
            "2": "fast"
          },
          {
            "0": "(OCoLC)fst01245945"
          }
        ]
      }
    },
    {
      "700": {
        "ind1": "1",
        "ind2": "\\",
        "subfields": [
          {
            "a": "Sanborn, Cynthia."
          }
        ]
      }
    },
    {
      "700": {
        "ind1": "1",
        "ind2": "\\",
        "subfields": [
          {
            "a": "Portocarrero S., Felipe."
          }
        ]
      }
    },
    {
      "776": {
        "ind1": "0",
        "ind2": "8",
        "subfields": [
          {
            "i": "Online version:"
          },
          {
            "t": "Philanthropy and social change in Latin America."
          },
          {
            "d": "Cambridge, Mass. : Harvard University David Rockefeller Center for Latin American Studies : Distributed by Harvard University Press, 2005"
          },
          {
            "w": "(OCoLC)605963529"
          }
        ]
      }
    },
    {
      "776": {
        "ind1": "0",
        "ind2": "8",
        "subfields": [
          {
            "i": "Online version:"
          },
          {
            "t": "Philanthropy and social change in Latin America."
          },
          {
            "d": "Cambridge, Mass. : Harvard University David Rockefeller Center for Latin American Studies : Distributed by Harvard University Press, 2005"
          },
          {
            "w": "(OCoLC)607873509"
          }
        ]
      }
    },
    {
      "830": {
        "ind1": "\\",
        "ind2": "0",
        "subfields": [
          {
            "a": "David Rockefeller Center series on Latin American studies, Harvard University."
          }
        ]
      }
    },
    {
      "856": {
        "ind1": "4",
        "ind2": "1",
        "subfields": [
          {
            "3": "Table of contents"
          },
          {
            "u": "https://www.loc.gov/catdir/toc/ecip0516/2005021697.html"
          }
        ]
      }
    },
    {
      "856": {
        "ind1": "4",
        "ind2": "1",
        "subfields": [
          {
            "3": "Table of contents"
          },
          {
            "u": "http://bvbr.bib-bvb.de:8991/F?func=service&doc_library=BVB01&doc_number=014918867&line_number=0001&func_code=DB_RECORDS&service_type=MEDIA"
          }
        ]
      }
    },
    {
      "856": {
        "ind1": "4",
        "ind2": "1",
        "subfields": [
          {
            "3": "Table of contents"
          },
          {
            "u": "http://bvbr.bib-bvb.de:8991/F?func=service&doc_library=BVB01&local_base=BVB01&doc_number=014918867&line_number=0001&func_code=DB_RECORDS&service_type=MEDIA"
          }
        ]
      }
    },
    {
      "994": {
        "ind1": "\\",
        "ind2": "\\",
        "subfields": [
          {
            "a": "Z0"
          },
          {
            "b": "NYRVC"
          }
        ]
      }
    },
    {
      "948": {
        "ind1": "\\",
        "ind2": "\\",
        "subfields": [
          {
            "h": "NO HOLDINGS IN NYRVC - 210 OTHER HOLDINGS"
          }
        ]
      }
    },
    {
      "999": {
        "ind1": "\\",
        "ind2": "\\",
        "subfields": [
          {
            "a": "00000000019249"
          }
        ]
      }
    }
  ]
}